<collection xmlns="http://www.loc.gov/MARC21/slim">
<record>
  <leader>00935nam0a22002171i 450 </leader>
  <controlfield tag="001">IT\ICCU\CNCE\060727</controlfield>
  <controlfield tag="005">20050718000000.0</controlfield>
  <datafield tag="012" ind1=" " ind2=" ">
    <subfield code="a">o-Ve ueil m-se fago (3) 1595 (R)</subfield>
    <subfield code="2">fei</subfield>
  </datafield>
  <datafield tag="100" ind1=" " ind2=" ">
    <subfield code="a">20050718d1595        0itac0103    ba</subfield>
  </datafield>
  <datafield tag="101" ind1=" " ind2=" ">
    <subfield code="a">ITA</subfield>
  </datafield>
  <datafield tag="102" ind1=" " ind2=" ">
    <subfield code="a">IT</subfield>
  </datafield>
  <datafield tag="200" ind1="1" ind2=" ">
    <subfield code="a">Trattato de li tre voti, vbidienza, pouert,̉ &amp; castit,̉ et delle altre virt,̮ spettanti a tutte le persone religiose del r.p.f. Vmberto Quinto ... tradotto di latino in volgare</subfield>
  </datafield>
  <datafield tag="210" ind1=" " ind2=" ">
    <subfield code="a">In Venetia</subfield>
    <subfield code="c">appresso Oliuier Alberti</subfield>
    <subfield code="d">1595</subfield>
  </datafield>
  <datafield tag="215" ind1=" " ind2=" ">
    <subfield code="a">\6!, 65 \i.e. 66!, \8! p.</subfield>
    <subfield code="d">8ʻ</subfield>
  </datafield>
  <datafield tag="620" ind1=" " ind2=" ">
    <subfield code="a">IT</subfield>
    <subfield code="d">Venezia</subfield>
  </datafield>
  <datafield tag="700" ind1=" " ind2="0">
    <subfield code="a">Humbert</subfield>
    <subfield code="c"> : de#Romans</subfield>
    <subfield code="3">IT\ICCU\CNCA\010841</subfield>
  </datafield>
  <datafield tag="712" ind1="0" ind2="0">
    <subfield code="a">Alberti, Oliviero</subfield>
    <subfield code="3">IT\ICCU\CNCT\001366</subfield>
    <subfield code="4">650</subfield>
  </datafield>
  <datafield tag="790" ind1=" " ind2="1">
    <subfield code="a">Quinto,</subfield>
    <subfield code="b">Umberto</subfield>
    <subfield code="3">IT\ICCU\CNCA\010843</subfield>
    <subfield code="z">Humbert : de#Romans</subfield>
  </datafield>
  <datafield tag="790" ind1=" " ind2="0">
    <subfield code="a">Humbertus</subfield>
    <subfield code="c"> : de#Romanis</subfield>
    <subfield code="3">IT\ICCU\CNCA\019889</subfield>
    <subfield code="z">Humbert : de#Romans</subfield>
  </datafield>
  <datafield tag="801" ind1=" " ind2="3">
    <subfield code="a">IT</subfield>
    <subfield code="b">ICCU</subfield>
    <subfield code="c">20201115</subfield>
  </datafield>
  <datafield tag="899" ind1=" " ind2=" ">
    <subfield code="a">Biblioteca Arcivescovile. Udine</subfield>
    <subfield code="1">UD0100</subfield>
    <subfield code="2">ZUD 11</subfield>
  </datafield>
</record>
</collection>
